01REMESSA01COBRANÇA       406300030822        GVR Educacional Ltda          341BANCO ITAU SA  200916                                                                                                                                                                                                                                                                                                      000001
1022442743100010540637141462000000000000000000000670005201000000006700052000                              0101000670005225091600000002289091040000009N100915020000000000000000000000000000000000000000000000000000000000000109761131807000Eduardo Vinicius  Castilho              Rua Jacarandas                          Barra da Tij22776050Rio de Janeiro RJ10091500000000000                     00301000003
1022442743100010540637141462000000000000000000000670008801000000006700088000                              0101000670008825091600000001980541040000009N110915020000000000000000000000000000000000000000000000000000000000000103543518771000Ricardo Campelo Suzart                  Av. Embaixador Abelardo Bueno           Barra da Tij22775040Rio de Janeiro RJ11091500000000000                     00301000004
1022442743100010540637141462000000000000000000000670010001000000006700100000                              0101000670010025091600000001980541040000009N140915020000000000000000000000000000000000000000000000000000000000000109297292771000Flavia Abrahão de Araujo                Rua Coronel Aviador Antônio Arthur BragBarra da Tij22793105Rio de Janeiro RJ14091500000000000                     00301000005
1022442743100010540637141462000000000000000000000670011201000000006700112000                              0101000670011225091600000001980541040000009N140915020000000000000000000000000000000000000000000000000000000000000109118214738000Thiago Fonseca Ferreira Lima            Rua Franz Neissman                      Barra da Tij22775051Rio de Janeiro RJ14091500000000000                     00301000006
1022442743100010540637141462000000000000000000000360002901000000003600029000                              0101000360002925091600000001276761040000009N140915020000000000000000000000000000000000000000000000000000000000000108502920774000André Jesus da Silva Dias               Estrada do Gabinal                      Freguesia (J22763153Rio de Janeiro RJ14091500000000000                     00301000007
9                                                                                                                                                                                                                                                                                                                                                                                                         000008